
@misc{pyBET,
  author       = {Lindley Graham and
                  Steven Mattis and
                  Scott Walsh and
                  Troy Butler and
                  Michael Pilosov and
                  Damon McDougall},
  title        = {{BET}: {B}utler, {E}step, {T}avener {M}ethod v2.0.0},
  month        = aug,
  year         = 2016,
  doi          = {10.5281/zenodo.59964},
  url          = {https://doi.org/10.5281/zenodo.59964}
}

@misc{CBayes,
  author = {Pilosov, M.},
  title = {consistentbayes},
  year = {2018},
  publisher = {GitHub},
  journal = {GitHub repository},
  howpublished = {https://github.com/mpilosov/consistentbayes},
  commit = {6a9e564ee23eaf90a8ecbf2321aa968c5017813c}
}

