@book{ConstantineActiveSubpsaces,
  author = {Constantine, P.},
  title = {Active Subspaces: Emerging Ideas for Dimension Reduction in Parameter Studies},
  publisher = {SIAM},
  year = {2015}
}



@manual{pyBET,
	author = "Butler, Troy and Graham, Lindley and Matthis, Steven A.",
	howpublished = "online",
	timestamp = "2015.07.04",
	title = "{BET Package}",
	url = "http://ut-chg.github.io/BET",
	note = " http://ut-chg.github.io/BET",
	year = "2015"
}


@article{BE1,
    AUTHOR = {Breidt, J. and Butler, T. and Estep, D.},
    TITLE  = {A measure-theoretic computational method for inverse sensitivity problems {I}: Method and Analysis},
    JOURNAL = {SIAM Journal on Numerical Analysis},
    YEAR = {2011},
    VOLUME = {49},
    PAGES = {1836-1859}
}

@article{BE2,
    AUTHOR = {Butler, T. and Estep, D. and Sandelin, J.},
    TITLE  = {A computational measure-theoretic approach to inverse sensitivity problems {II}: A posteriori error analysis},
    JOURNAL = {SIAM Journal on Numerical Analysis},
    YEAR = {2012},
    volume = {50},
    pages = {22-45}
}

@article{BEreview,
    AUTHOR = {Butler, T. and Estep, D.},
    TITLE  = {A numerical method for solving a stochastic inverse problem for parameters},
    JOURNAL = {Annals of Nuclear Energy},
    YEAR = {2013},
    volume = {52},
    pages = {86-94}
}

@PHDTHESIS{Troysthesis,
        AUTHOR             = {T. Butler},
        SCHOOL             = {Department of Mathematics, Colorado State University, Fort Collins, CO 80523},
        TITLE              = {Computational Measure Theoretic Approach to Inverse Sensitivity Analysis: Methods and Analysis},
        YEAR               = {2009}
}


@article{BE3,
    AUTHOR = {Butler, T. and Estep, D. and Tavener, S. and Dawson, C. and J.J. Westerink},
    TITLE  = {A measure-theoretic computational
    method for inverse sensitivity problems {III}:
    Multiple output quantities of interest},
    pages = {174-202},
    volume = {2},
	journal = {SIAM/ASA Journal on Uncertainty Quantification},
    YEAR = {2014},
}

@article{BDW2,
    AUTHOR = {Butler, T. and Dawson, C. and Wildey, T.},
    TITLE  = {Propagation of uncertainties using improved surrogate models},
    JOURNAL = {SIAM/ASA Journal on Uncertainty Quantification},
     YEAR = {2013},
    Volume = {1},
   pages = {164-191}
}

@article{BDW1,
    AUTHOR = {Butler, T. and Dawson, C. and Wildey, T.},
    TITLE  = {A posteriori error analysis of stochastic differential equations using polynomial chaos expansions},
    JOURNAL = {SIAM Journal on Scientific Computing},
    YEAR = {2011},
    VOLUME = {33},
    PAGES = {1267-1291}
}

@article{Butler2012a,
    AUTHOR = {Butler, T. and Juntunen, M.},
    TITLE  = {Reparameterization for statistical state estimation applied to differential equations},
    JOURNAL = {Journal of Computational Physics},
    YEAR = {2012},
    volume = {231},
    pages = {2641-2654}
}

@article{Butler2012b,
		AUTHOR = {Butler, T. and   Altaf, M.U. and Dawson, C. and Hoteit, I. and Luo, X. and Mayo, T.},
		TITLE = {Data Assimilation within the Advanced Circulation {(ADCIRC)} Modeling Frameowork for Hurricane Storm Surge Forecasting},
		JOURNAL = {Monthly Weather Review},
		YEAR = {2012},
		volume = {140},
		pages = {2215-2231}
}

@article{Altaf2013,
		AUTHOR = {Altaf, M.U. and Butler, T.  and Dawson, C. and Hoteit, I. and Luo, X. and Mayo, T.},
		TITLE = {Improving Short-Range Ensemble Kalman Storm Surge Forecasting Using Robust Adaptive Inflation},
		YEAR = {2013},
		JOURNAL = {Monthly Weather Review},
		volume={141},
		pages={2705-2720}
}

@article{Altaf2014,
		AUTHOR = {Altaf, M.U. and Butler, T.  and Mayo, T. and Luo, X. and Dawson, C. and Heemink, A.W. and Hoteit, I.},
		TITLE = {A Comparison of ensemble Kalman filters for storm surge assimilation},
		YEAR = {2014},
		JOURNAL = {Monthly Weather Review},
		volume = {142},
		pages = {2899-2914}
}

@article{Mayo2014,
    AUTHOR = {Mayo, T and Butler, T. and Dawson, C. and Hoteit, I.},
    TITLE = {Data assimilation within the Advanced Circulation {(ADCIRC)} modeling framework for the estimation of Manningâ€™s friction coefficient},
    JOURNAL = {Ocean Modelling},
    YEAR = {2014},
    VOLUME = {76},
    PAGES = {43-58}
}

@article{BCW,
		AUTHOR = {Butler, T. and Constantine, P. and Wildey, T.},
		TITLE = {A posteriori error analysis of parameterized linear systems using spectral methods},
		JOURNAL = {SIAM Journal on Matrix Analysis and Applications},
		YEAR = {2012},
		volume = {33},
		pages = {195-209}
}

@article{ButlerWildey2014,
		AUTHOR = {Butler, T. and Wildey, T.},
		TITLE = {Utilizing Response Surface Approximations and Error Estimates to Accurately Predict Probabilities of Events},
		NOTE = {In preparation}
}

@article{BET,
		AUTHOR = {Butler, T. and Estep, D. and Tavener, S. and Wildey, T. and Dawson, C. and Graham, L.},
		TITLE = {Solving Stochastic Inverse Problems using Sigma-Algebras on Contour Maps},
		NOTE = {{arXiv} preprint {arXiv:1407.3851}},
		YEAR = {2015}
}

@article{Butler2015a,
	AUTHOR = {Butler, T. and Huhtala, A. and Juntunen, M.},
	TITLE = {Quantifying Uncertainty in Material Damage from Vibrational Parameters},
        JOURNAL = {Journal of Computational Physics},
        YEAR = {2015},
        VOLUME = {283},
	PAGES = {414-435}
}

@article{Butler2015b,
	AUTHOR = {Butler, T. and Graham, L. and Estep, D. and Dawson, C. and Westerink, J.J.},
	TITLE = {Definition and solution of a stochastic inverse problem for the Manning's n parameter field in hydrodynamic models},
        JOURNAL = {Advances in Water Resources},
        YEAR = {2015},
        VOLUME = {78},
	PAGES = {60-79}
}

@article{Butler2015c,
	AUTHOR = {Mattis, S. and Butler, T. and Dawson, C. and Estep, D. and Vesselinov, V.V.},
	TITLE = {Parameter estimation and prediction for groundwater contamination based on measure theory},
        JOURNAL = {Water Resources Research},
        YEAR = {2015},
        note = {In press}
}

@book{GhanemSpanos,
	AUTHOR	= {R. Ghanem and P. Spanos},
	TITLE		= {Stochastic {F}inite {E}lements: {A Spectral Approach}},
	publisher = {Springer Verlag, New York},
	YEAR		= {2002}
}

@article{KFD,
    AUTHOR = {Kees C. and Farthing M. and Dawson C.},
    TITLE  = {Locally conservative, stabilized finite element methods for variably saturated flow},
    JOURNAL = {Computer Methods in Applied Mechanics and Engineering},
    YEAR = {2008},
    VOLUME = {197},
    PAGES = {4610-4625}
}

@article{MDKF,
    AUTHOR = {Mattis S. and Dawson C. and Kees C. and Farthing M.},
    TITLE  = {Numerical modeling of drag for flow through vegetated domains and porous structures},
    JOURNAL = {Advances in Water Resources},
    YEAR = {2012},
    VOLUME = {39},
    PAGES = {44-59}
}

@article{MDKF2,
    AUTHOR = {Mattis S. and Dawson C. and Kees C. and Farthing M.},
    TITLE  = {An immersed structure approach for fluid-vegetation interaction},
    JOURNAL = {Advances in Water Resources},
    YEAR = {2015},
    VOLUME = {80},
    PAGES = {1-16}
}

@book{Dellacherie_Meyer,
	AUTHOR = {C. Dellacherie and P.A. Meyer},
	TITLE = {Probabilities and Potential},
	YEAR = {1978},
	Publisher = {North-Holland Publishing Co., Amsterdam}
}

@article{AlnaesBlechta2015a,
  title = {The FEniCS Project Version 1.5},
  author = {Martin S. Aln{\ae}s and Jan Blechta and Johan Hake and August Johansson and Benjamin Kehlet and Anders Logg and Chris Richardson and Johannes Ring and Marie E. Rognes and Garth N. Wells},
  year = {2015},
  journal = {Archive of Numerical Software},
  volume = {3},
  number = {100},
  doi = {10.11588/ans.2015.100.20553},
  page = {9-23}
}

@PHDTHESIS{Lindleysthesis,
        AUTHOR             = {L. Graham},
        SCHOOL             = {Institute for Computational Engineering ans Sciences, The University of Texas at Austin, Austin, TX 78712},
        TITLE              = {Adpative Measure-Theoretic Parameter Estimation for Coastal Ocean Modeling},
        YEAR               = {2015}
}

@article{Adaptive,
	AUTHOR = {Butler, T. and Graham, L. and Mattis, S. and Walsh, S.},
	TITLE = {A Measure-Theoretic Interpretation of Sample Based Numerical Integration with Applications to Inverse and Prediction Problems Under Uncertainty},
        note = {In preparation}
}


